@misc{PythonRe2:online,
    author = {Autor desconocido},
    title = {Python Release Python 3.10.0 | Python.org},
    howpublished = {\url{https://www.python.org/downloads/release/python-3100/}}
}

@misc{PyCharme42:online,
    author = {Autor desconocido},
    title = {PyCharm: el IDE de Python para desarrolladores profesionales, por JetBrains},
    howpublished = {\url{https://www.jetbrains.com/es-es/pycharm/}}
}

@misc{flask,
    author = {Autor desconocido},
    title = {Welcome to Flask — Flask Documentation (2.3.x)},
    howpublished = {\url{https://flask.palletsprojects.com/en/2.3.x/}}
}

@misc{bcrypt·P95:online,
    author = {Autor desconocido},
    title = {bcrypt · PyPI},
    howpublished = {\url{https://pypi.org/project/bcrypt/}}
}

@misc{Transf61:online,
    author = {Autor desconocido},
    title = {Transformers},
    howpublished = {\url{https://huggingface.co/docs/transformers/index}}
}

@misc{PyTorch69:online,
    author = {Autor desconocido},
    title = {PyTorch},
    howpublished = {\url{https://pytorch.org/}}
}

@misc{torchvis91:online,
    author = {Autor desconocido},
    title = {torchvision · PyPI},
    howpublished = {\url{https://pypi.org/project/torchvision/}}
}

@misc{sentence91:online,
    author = {Autor desconocido},
    title = {sentencepiece · PyPI},
    howpublished = {\url{https://pypi.org/project/sentencepiece/}}
}

@misc{sacremos42:online,
    author = {Autor desconocido},
    title = {sacremoses · PyPI},
    howpublished = {\url{https://pypi.org/project/sacremoses/}}
}

@misc{costeDef59:online,
    author = {Real Academia Española},
    title = {coste | Definición | Diccionario de la lengua española | RAE - ASALE},
    howpublished = {\url{https://dle.rae.es/coste}}
}

@misc{Segurida90:online,
    author = {Seguridad Social - Gobierno de España},
    title = {Seguridad Social: Cotización / Recaudación de Trabajadores},
    howpublished = {\url{https://www.seg-social.es/wps/portal/wss/internet/Trabajadores/CotizacionRecaudacionTrabajadores/36537#:~:text=Desde\%20el\%201\%20de\%20enero\%20de\%202023\%2C\%20el\%20tipo\%20de,ciento\%20a\%20cargo\%20del\%20empleado.}}
}

@misc{Segurida22:online,
    author = {Seguridad Social - Gobierno de España},
    title = {Seguridad Social: Gestión / Pago},
    howpublished = {\url{https://www.seg-social.es/wps/portal/wss/internet/Pensionistas/GestionPago/39169}}
}

@misc{Scrum,
    author = {Autor desconocido},
    title = {Sueldo de Scrum master/a en España},
    howpublished = {\url{https://es.indeed.com/career/scrum-master/salaries}}
}

@misc{Tester,
    author = {Autor desconocido},
    title = {Salario para Tester en España - Salario Medio},
    howpublished = {\url{https://es.talent.com/salary?job=tester#:~:text=Descubre\%20cu\%C3\%A1l\%20es\%20el\%20salario\%20medio\%20para\%20Tester&text=\%C2\%BFCu\%C3\%A1nto\%20gana\%20un\%20Tester\%20en\%20Espa\%C3\%B1a\%3F&text=El\%20salario\%20tester\%20promedio\%20en,hasta\%20\%E2\%82\%AC\%2038.200\%20al\%20a\%C3\%B1o.}}
}

@misc{Desarrollador,
    author = {Autor desconocido},
    title = {Salario para Programador Web en España - Salario Medio},
    howpublished = {\url{https://es.talent.com/salary?job=programador+web}}
}

@misc{Preciosd99:online,
    author = {Microsoft Azure},
    title = {Precios de App Service para Linux | Microsoft Azure},
    howpublished = {\url{https://azure.microsoft.com/es-es/pricing/details/app-service/linux/}}
}

@misc{ApacheLi88:online,
    author = {The Apache Software Foundation},
    title = {Apache License, Version 2.0},
    howpublished = {\url{https://www.apache.org/licenses/LICENSE-2.0}}
}

@misc{waitress41:online,
    author = {Autor desconocido},
    title = {waitress · PyPI},
    howpublished = {\url{https://pypi.org/project/waitress/}}
}

@misc{ModelVie14:online,
    author = {Autor desconocido},
    title = {Model View Presenter (MVP) PowerPoint Template - PPT Slides},
    howpublished = {\url{https://www.sketchbubble.com/en/presentation-model-view-presenter.html}}
}

@misc{mvp:online,
    author = {Anshul vyas},
    title = {Model View Presenter},
    howpublished = {\url{https://anshul-vyas380.medium.com/model-view-presenter-b7ece803203c}}
}

@misc{apuntesDMStema2,
  author = {Jesús Alonso Abad},
  title = {Tema 2 - Adaptador},
  note = {Diseño y mantenimiento del software. Universidad de Burgos.}
}