@article{ADAMOPOULOU2020100006,
    title = {Chatbots: History, technology, and applications},
    journal = {Machine Learning with Applications},
    volume = {2},
    pages = {100006},
    year = {2020},
    issn = {2666-8270},
    doi = {https://doi.org/10.1016/j.mlwa.2020.100006},
    url = {https://www.sciencedirect.com/science/article/pii/S2666827020300062},
    author = {Eleni Adamopoulou and Lefteris Moussiades},
    keywords = {Chatbot, Pattern matching, Machine learning, Natural dialog interfaces, Natural language processing, Human–computer interaction},
    abstract = {This literature review presents the History, Technology, and Applications of Natural Dialog Systems or simply chatbots. It aims to organize critical information that is a necessary background for further research activity in the field of chatbots. More specifically, while giving the historical evolution, from the generative idea to the present day, we point out possible weaknesses of each stage. After we present a complete categorization system, we analyze the two essential implementation technologies, namely, the pattern matching approach and machine learning. Moreover, we compose a general architectural design that gathers critical details, and we highlight crucial issues to take into account before system design. Furthermore, we present chatbots applications and industrial use cases while we point out the risks of using chatbots and suggest ways to mitigate them. Finally, we conclude by stating our view regarding the direction of technology so that chatbots will become really smart.}
}

@article{bansal2018review,
  title={A review paper on human computer interaction},
  author={Bansal, Himanshu and Khan, Rizwan},
  journal={Int. J. Adv. Res. Comput. Sci. Softw. Eng},
  volume={8},
  number={4},
  pages={53},
  year={2018}
}

@article{khurana2023natural,
  title={Natural language processing: State of the art, current trends and challenges},
  author={Khurana, Diksha and Koli, Aditya and Khatter, Kiran and Singh, Sukhdev},
  journal={Multimedia tools and applications},
  volume={82},
  number={3},
  pages={3713--3744},
  year={2023},
  publisher={Springer}
}

@article{suta2020overview,
  title={An overview of machine learning in chatbots},
  author={Suta, Prissadang and Lan, Xi and Wu, Biting and Mongkolnam, Pornchai and Chan, Jonathan H},
  journal={International Journal of Mechanical Engineering and Robotics Research},
  volume={9},
  number={4},
  pages={502--510},
  year={2020}
}

@misc{PyCharme62:online,
  author = {Autor desconocido},
  title = {PyCharm: el IDE de Python para desarrolladores profesionales, por JetBrains},
  howpublished = {\url{https://www.jetbrains.com/es-es/pycharm/}}
}

@misc{Download76:online,
  author = {Autor desconocido},
  title = {Download Python | Python.org},
  howpublished = {\url{https://www.python.org/downloads/}}
}

@misc{PythonRe75:online,
  author = {Autor desconocido},
  title = {Python Release Python 3.9.0 | Python.org},
  howpublished = {\url{https://www.python.org/downloads/release/python-390/}}
}

@misc{GitDownl33:online,
  author = {Autor desconocido},
  title = {Git - Downloads},
  howpublished = {\url{https://git-scm.com/downloads}}
}

@misc{WhatisSc12:online,
    author = {Autor desconocido},
    title = {What is Scrum? | Scrum.org},
    howpublished = {\url{https://www.scrum.org/learning-series/what-is-scrum}}
}

@misc{apuntesDMStema2,
  author = {Jesús Alonso Abad},
  title = {Tema 2 - Adaptador},
  note = {Diseño y mantenimiento del software. Universidad de Burgos.}
}

@misc{Getstart3:online,
    author = {Autor desconocido},
    title = {Get started with Bootstrap · Bootstrap v5.3},
    howpublished = {\url{https://getbootstrap.com/docs/5.3/getting-started/introduction/}}
}

@misc{Document56:online,
    author = {Autor desconocido},
    title = {Documentación de Azure | Microsoft Learn},
    howpublished = {\url{https://learn.microsoft.com/es-es/azure/?product=popular}}
}

@misc{ModelsHu68:online,
    author = {Autor desconocido},
    title = {Models - Hugging Face},
    howpublished = {\url{https://huggingface.co/models}}
}

@misc{mvp:online,
    author = {Anshul vyas},
    title = {Model View Presenter},
    howpublished = {\url{https://anshul-vyas380.medium.com/model-view-presenter-b7ece803203c}}
}

@misc{drawio54:online,
    author = {Autor desconocido},
    title = {draw.io},
    howpublished = {\url{https://www.drawio.com/}}
}

@misc{ReadTheDocs:online,
    author = {Autor desconocido},
    title = {Inicio | Read the Docs},
    howpublished = {\url{https://readthedocs.org/}}
}

@article{gomez2021inteligencia,
  title={Inteligencia artificial y pymes: Chatbots},
  author={G{\'o}mez Lorente, Lydia Mar{\'\i}a and others},
  year={2021}
}

@misc{intelige84:online,
    author = {Real Academia Española},
    title = {REAL ACADEMIA ESPAÑOLA: Diccionario de la lengua española, 23.ª ed.},
    howpublished = {\url{https://dle.rae.es/inteligencia#2DxmhCT}}
}

@book{el2015machine,
  title={What is machine learning?},
  author={El Naqa, Issam and Murphy, Martin J},
  year={2015},
  publisher={Springer}
}

@article{nadkarni2011natural,
  title={Natural language processing: an introduction},
  author={Nadkarni, Prakash M and Ohno-Machado, Lucila and Chapman, Wendy W},
  journal={Journal of the American Medical Informatics Association},
  volume={18},
  number={5},
  pages={544--551},
  year={2011},
  publisher={BMJ Group BMA House, Tavistock Square, London, WC1H 9JR}
}

@article{bates1995models,
  title={Models of natural language understanding.},
  author={Bates, Madeleine},
  journal={Proceedings of the National Academy of Sciences},
  volume={92},
  number={22},
  pages={9977--9982},
  year={1995},
  publisher={National Acad Sciences}
}

@article{mcdonald2010natural,
  title={Natural language generation.},
  author={McDonald, David D},
  journal={Handbook of natural language processing},
  volume={2},
  pages={121--144},
  year={2010}
}

@inproceedings{hussain2019survey,
  title={A survey on conversational agents/chatbots classification and design techniques},
  author={Hussain, Shafquat and Ameri Sianaki, Omid and Ababneh, Nedal},
  booktitle={Web, Artificial Intelligence and Network Applications: Proceedings of the Workshops of the 33rd International Conference on Advanced Information Networking and Applications (WAINA-2019) 33},
  pages={946--956},
  year={2019},
  organization={Springer}
}

@inproceedings{cunningham2019review,
  title={A review of chatbots in education: practical steps forward},
  author={Cunningham-Nelson, Sam and Boles, Wageeh and Trouton, Luke and Margerison, Emily},
  booktitle={30th annual conference for the australasian association for engineering education (AAEE 2019): educators becoming agents of change: innovate, integrate, motivate},
  pages={299--306},
  year={2019},
  organization={Engineers Australia}
}

@article{xu2021chatbot,
  title={Chatbot for health care and oncology applications using artificial intelligence and machine learning: Systematic review},
  author={Xu, Lu and Sanders, Leslie and Li, Kay and Chow, James CL and others},
  journal={JMIR cancer},
  volume={7},
  number={4},
  pages={e27850},
  year={2021},
  publisher={JMIR Publications Inc., Toronto, Canada}
}

@inproceedings{cui2017superagent,
  title={Superagent: A customer service chatbot for e-commerce websites},
  author={Cui, Lei and Huang, Shaohan and Wei, Furu and Tan, Chuanqi and Duan, Chaoqun and Zhou, Ming},
  booktitle={Proceedings of ACL 2017, system demonstrations},
  pages={97--102},
  year={2017}
}

@article{barics2020new,
  title={A new business marketing tool: chatbot},
  author={BARI{\c{S}}, Ay{\c{s}}e},
  journal={GSI Journals Serie B: Advancements in Business and Economics},
  volume={3},
  number={1},
  pages={31--46},
  year={2020}
}

@misc{SiriAppl32:online,
    author = {Autor desconocido},
    title = {Siri - Apple (ES)},
    howpublished = {\url{https://www.apple.com/es/siri/}}
}

@misc{AmazonAl60:online,
    author = {Autor desconocido},
    title = {Amazon Alexa Official Site: What is Alexa?},
    howpublished = {\url{https://developer.amazon.com/es-ES/alexa}}
}

@misc{Asistent39:online,
    author = {Autor desconocido},
    title = {Asistente de Google: tu Google personal},
    howpublished = {\url{https://assistant.google.com/intl/es_es/}}
}

@misc{Cortana96:online,
    author = {Autor desconocido},
    title = {Ayuda y aprendizaje de Cortana},
    howpublished = {\url{https://support.microsoft.com/es-es/cortana}}
}

@misc{ChatGPT91:online,
    author = {Autor desconocido},
    title = {ChatGPT},
    howpublished = {\url{https://openai.com/chatgpt}}
}

@misc{trello,
    author = {Autor desconocido},
    title = {Gestiona los proyectos de tu equipo desde cualquier lugar | Trello},
    howpublished = {\url{https://trello.com/es}}
}

@misc{Dialogfl63:online,
    author = {Autor desconocido},
    title = {Dialogflow  |  Google Cloud},
    howpublished = {\url{https://cloud.google.com/dialogflow?hl=es-419}}
}

@misc{Document16:online,
    author = {Autor desconocido},
    title = {Documentación de Dialogflow  |  Google Cloud},
    howpublished = {\url{https://cloud.google.com/dialogflow/docs?hl=es-419}}
}

@mastersthesis{ianez2018desarrollo,
  title={Desarrollo de un Chatbot con Dialogflow en el Marco de las Ciudades Inteligentes},
  author={Ia{\~n}ez Gonz{\'a}lez, Sergio Francisco},
  type={{B.S.} thesis},
  year={2018}
}

@mastersthesis{magan2019interfaz,
  title={Interfaz conversacional en Dialogflow para recomendaci{\'o}n de pel{\'\i}culas},
  author={Mag{\'a}n L{\'o}pez, Carlos},
  type={{B.S.} thesis},
  year={2019}
}

@article{soro2020diseno,
  title={Dise{\~n}o y desarrollo de un asistente interactivo transaccional para la reserva de hoteles},
  author={Soro Vegas, Beatriz and others},
  year={2020}
}

@misc{PostmanA62:online,
    author = {Autor desconocido},
    title = {Postman API Platform | Sign Up for Free},
    howpublished = {\url{https://www.postman.com/}}
}

@misc{Dockerov1:online,
    author = {Docker Inc.},
    title = {Docker overview | Docker Documentation},
    howpublished = {\url{https://docs.docker.com/get-started/overview/}}
}

@misc{ModelVie14:online,
    author = {Autor desconocido},
    title = {Model View Presenter (MVP) PowerPoint Template - PPT Slides},
    howpublished = {\url{https://www.sketchbubble.com/en/presentation-model-view-presenter.html}}
}

@misc{¿Quéesun25:online,
    author = {Fred Lores},
    title = {¿Qué es una plataforma low-code?},
    howpublished = {\url{https://www.velneo.com/blog/que-es-plataforma-lowcode}}
}

@misc{¿QuéEsel14:online,
    author = {Autor desconocido},
    title = {¿Qué Es el Web Scraping? Cómo Extraer Legalmente el Contenido de la Web},
    howpublished = {\url{https://kinsta.com/es/base-de-conocimiento/que-es-web-scraping/#:~:text=El%20web%20scraping%20se%20refiere,precios%20de%20varias%20tiendas%20online.}}
}

@misc{Applicat61:online,
    author = {Microsoft Azure},
    title = {Application performance FAQs - Azure | Microsoft Learn},
    howpublished = {\url{https://learn.microsoft.com/en-us/troubleshoot/azure/app-service/web-apps-performance-faqs#why-does-my-request-time-out-after-230-seconds}}
}